@misc{Unreliab5:online,
author = {},
title = {Unreliable Guide To Hacking The Linux Kernel — The Linux Kernel documentation},
howpublished = {\url{https://docs.kernel.org/kernel-hacking/hacking.html}},
month = {},
year = {},
note = {(Accessed on 03/06/2022)}
}
@misc{httpstld48:online,
author = {},
title = {https://tldp.org/LDP/tlk/kernel/processes.html},
howpublished = {\url{https://tldp.org/LDP/tlk/kernel/processes.html}},
month = {},
year = {},
note = {(Accessed on 03/09/2022)}
}
@misc{Proccess48:online,
author = {},
title = {Proccess states (TASK\_RUNNNING, TASK\_INTERRUPTIBLE..etc) in linux kernel – My Humble Abode},
howpublished = {\url{https://www.humblec.com/proccess-states-in-linux-kernel/}},
month = {},
year = {},
note = {(Accessed on 03/12/2022)}
}
@misc{OSUsageT34:online,
author = {},
title = {OS Usage Trends and Market Share},
howpublished = {\url{https://web.archive.org/web/20150806093859/http://www.w3cook.com/os/summary//}},
month = {},
year = {},
note = {(Accessed on 05/09/2022)}
}
@misc{ArchLinux15:online,
author = {},
title = {Arch Linux - ArchWiki},
howpublished = {\url{https://wiki.archlinux.org/title/Arch_Linux\#History}},
month = {},
year = {},
note = {(Accessed on 05/09/2022)}
}
@misc{DistroWa81:online,
author = {},
title = {Judd Interview},
howpublished = {\url{https://distrowatch.com/dwres.php?resource=interview-arch}},
month = {},
year = {},
note = {(Accessed on 05/09/2022)}
}
@book{silberschatz2021operating,
  title={Operating System Concepts},
  author={Silberschatz, A. and Gagne, G. and Galvin, P.B.},
  isbn={9781119800361},
  url={https://books.google.com.hk/books?id=z7snzgEACAAJ},
  year={2021},
  publisher={Wiley}
}
@misc{imageWik70:online,
author = {},
title = {image - Wiktionary},
howpublished = {\url{https://en.wiktionary.org/wiki/image}},
month = {},
year = {},
note = {(Accessed on 05/09/2022)}
}
@misc{LinuxKer71:online,
author = {},
title = {Linux Kernel Makefiles — The Linux Kernel documentation},
howpublished = {\url{https://www.kernel.org/doc/html/latest/kbuild/makefiles.html}},
month = {},
year = {},
note = {(Accessed on 05/10/2022)}
}
@misc{archboot:online,
author = {},
title = {https://wiki.archlinux.org/title/Arch\_boot\_process},
howpublished = {\url{https://wiki.archlinux.org/title/Arch_boot_process}},
month = {},
year = {},
note = {(Accessed on 05/15/2022)}
}
@book{bovet2005understanding,
  title={Understanding the Linux Kernel: From I/O Ports to Process Management},
  author={Bovet, D.P. and Cesati, M.},
  isbn={9780596554910},
  url={https://books.google.com.hk/books?id=h0lltXyJ8aIC},
  year={2005},
  publisher={O'Reilly Media}
}
